<?xml version="1.0" encoding="UTF-8"?><collection xmlns="http://www.loc.gov/MARC21/slim"><record><leader>00330nam--2200133-i-4500</leader><controlfield tag="001">000008784</controlfield><controlfield tag="002">20161230</controlfield><controlfield tag="005">20161230201027</controlfield><controlfield tag="008">060222s1000------------r-----000-0-eng-d</controlfield><datafield ind1=" " ind2=" " tag="080"><subfield code="a">547</subfield></datafield><datafield ind1=" " ind2=" " tag="100"><subfield code="a">Bethell,D.And Gold,V</subfield></datafield><datafield ind1=" " ind2=" " tag="245"><subfield code="a">Carbonium ions.an introduction</subfield></datafield><datafield ind1=" " ind2=" " tag="260"><subfield code="a">London,Academic Press,1967. Xii + 387p</subfield></datafield><datafield ind1=" " ind2=" " tag="852"><subfield code="a">30274</subfield></datafield></record></collection>